<?xml version="1.0" encoding="UTF-8"?>
<Document xmlns="http://www.six-interbank-clearing.com/de/pacs.008.001.02.ch.02">
	<FIToFICstmrCdtTrf>
		<GrpHdr>
			<MsgId>086866CHF20230823007053515</MsgId>
			<CreDtTm>2023-08-23T06:02:20</CreDtTm>
			<NbOfTxs>1</NbOfTxs>
			<TtlIntrBkSttlmAmt Ccy="CHF">39189.23</TtlIntrBkSttlmAmt>
			<IntrBkSttlmDt>2023-08-23</IntrBkSttlmDt>
			<SttlmInf>
				<SttlmMtd>CLRG</SttlmMtd>
			</SttlmInf>
			<InstgAgt>
				<FinInstnId>
					<ClrSysMmbId>
						<ClrSysId>
							<Cd>CHSIC</Cd>
						</ClrSysId>
						<MmbId>082524</MmbId>
					</ClrSysMmbId>
				</FinInstnId>
			</InstgAgt>
			<InstdAgt>
				<FinInstnId>
					<ClrSysMmbId>
						<ClrSysId>
							<Cd>CHSIC</Cd>
						</ClrSysId>
						<MmbId>086866</MmbId>
					</ClrSysMmbId>
				</FinInstnId>
			</InstdAgt>
		</GrpHdr>
		<CdtTrfTxInf>
			<PmtId>
				<InstrId>UET2ffed5b151be4287b589e5392cb79e9f</InstrId>
				<EndToEndId>NOTPROVIDED</EndToEndId>
				<TxId>11100175502367OS</TxId>
			</PmtId>
			<PmtTpInf>
				<LclInstrm>
					<Prtry>IPIDEB</Prtry>
				</LclInstrm>
			</PmtTpInf>
			<IntrBkSttlmAmt Ccy="CHF">39189.23</IntrBkSttlmAmt>
			<SttlmPrty>NORM</SttlmPrty>
			<SttlmTmIndctn>
				<CdtDtTm>2023-08-23T06:05:37</CdtDtTm>
			</SttlmTmIndctn>
			<ChrgBr>SHAR</ChrgBr>
			<Dbtr>
				<Nm>DHL</Nm>
				<PstlAdr>
					<StrtNm>VIA SEBASTIANO BRIGHENTI 32</StrtNm>
					<PstCd>10195</PstCd>
					<TwnNm>GRUGLIASCO</TwnNm>
					<Ctry>IT</Ctry>
				</PstlAdr>
			</Dbtr>
			<DbtrAgt>
				<FinInstnId>
					<ClrSysMmbId>
						<ClrSysId>
							<Cd>CHSIC</Cd>
						</ClrSysId>
						<MmbId>082524</MmbId>
					</ClrSysMmbId>
				</FinInstnId>
			</DbtrAgt>
			<CdtrAgt>
				<FinInstnId>
					<ClrSysMmbId>
						<ClrSysId>
							<Cd>CHSIC</Cd>
						</ClrSysId>
						<MmbId>086866</MmbId>
					</ClrSysMmbId>
				</FinInstnId>
			</CdtrAgt>
			<Cdtr>
				<Nm>ANCE</Nm>
				<PstlAdr>
					<AdrLine>VIA MORENA 8</AdrLine>
				</PstlAdr>
			</Cdtr>
			<CdtrAcct>
				<Id>
					<IBAN>CH9408686001088236008</IBAN>
				</Id>
			</CdtrAcct>
			<RmtInf>
				<Strd>
					<RfrdDocInf>
						<Tp>
							<CdOrPrtry>
								<Prtry>LSVBDD</Prtry>
							</CdOrPrtry>
						</Tp>
						<Nb>MAZDX</Nb>
						<RltdDt>2023-08-23</RltdDt>
					</RfrdDocInf>
					<CdtrRefInf>
						<Tp>
							<CdOrPrtry>
								<Prtry>IPI</Prtry>
							</CdOrPrtry>
						</Tp>
						<Ref>53000006467CP0370638</Ref>
					</CdtrRefInf>
				</Strd>
			</RmtInf>
		</CdtTrfTxInf>
	</FIToFICstmrCdtTrf>
</Document>
