<?xml version="1.0" encoding="UTF-8"?>
<Document xmlns="urn:iso:std:iso:20022:tech:xsd:pacs.008.001.08">
    <FIToFICstmrCdtTrf>
        <GrpHdr>
            <MsgId>PACS008-002-20241028-002</MsgId>
            <CreDtTm>2024-10-28T11:15:00.000Z</CreDtTm>
            <NbOfTxs>1</NbOfTxs>
            <TtlIntrBkSttlmAmt Ccy="USD">25000.00</TtlIntrBkSttlmAmt>
            <IntrBkSttlmDt>2024-10-28</IntrBkSttlmDt>
            <SttlmInf>
                <SttlmMtd>INDA</SttlmMtd>
            </SttlmInf>
            <InstgAgt>
                <FinInstnId>
                    <BICFI>CHASUS33</BICFI>
                </FinInstnId>
            </InstgAgt>
            <InstdAgt>
                <FinInstnId>
                    <BICFI>CITIUS33</BICFI>
                </FinInstnId>
            </InstdAgt>
        </GrpHdr>
        <CdtTrfTxInf>
            <PmtId>
                <InstrId>INST002-20241028</InstrId>
                <EndToEndId>E2E002-20241028</EndToEndId>
                <TxId>TXN002-20241028</TxId>
            </PmtId>
            <IntrBkSttlmAmt Ccy="USD">25000.00</IntrBkSttlmAmt>
            <ChrgBr>DEBT</ChrgBr>
            <Dbtr>
                <Nm>Tech Solutions Corp</Nm>
                <PstlAdr>
                    <Ctry>US</Ctry>
                </PstlAdr>
            </Dbtr>
            <DbtrAcct>
                <Id>
                    <Othr>
                        <Id>1234567890</Id>
                    </Othr>
                </Id>
            </DbtrAcct>
            <DbtrAgt>
                <FinInstnId>
                    <BICFI>CHASUS33</BICFI>
                </FinInstnId>
            </DbtrAgt>
            <CdtrAgt>
                <FinInstnId>
                    <BICFI>CITIUS33</BICFI>
                </FinInstnId>
            </CdtrAgt>
            <Cdtr>
                <Nm>Global Manufacturing Ltd</Nm>
                <PstlAdr>
                    <Ctry>US</Ctry>
                </PstlAdr>
            </Cdtr>
            <CdtrAcct>
                <Id>
                    <Othr>
                        <Id>9876543210</Id>
                    </Othr>
                </Id>
            </CdtrAcct>
            <RmtInf>
                <Ustrd>Monthly service fee payment</Ustrd>
            </RmtInf>
        </CdtTrfTxInf>
    </FIToFICstmrCdtTrf>
</Document>
